@Manual{R-base,
  title = {R: A Language and Environment for Statistical Computing},
  author = {{R Core Team}},
  organization = {R Foundation for Statistical Computing},
  address = {Vienna, Austria},
  year = {2015},
  url = {https://www.R-project.org/},
}
@Manual{R-bookdown,
  title = {bookdown: Authoring Books with R Markdown},
  author = {Yihui Xie},
  note = {R package version 0.0.60},
  url = {https://github.com/rstudio/bookdown},
  year = {2016},
}
@Manual{R-DT,
  title = {DT: A Wrapper of the JavaScript Library 'DataTables'},
  author = {Yihui Xie},
  year = {2015},
  note = {R package version 0.1},
  url = {http://CRAN.R-project.org/package=DT},
}
@Manual{R-ggplot2,
  title = {ggplot2: An Implementation of the Grammar of Graphics},
  author = {Hadley Wickham and Winston Chang},
  year = {2015},
  note = {R package version 2.0.0},
  url = {http://CRAN.R-project.org/package=ggplot2},
}
@Manual{R-knitr,
  title = {knitr: A General-Purpose Package for Dynamic Report Generation in R},
  author = {Yihui Xie},
  year = {2016},
  note = {R package version 1.12.3},
  url = {http://CRAN.R-project.org/package=knitr},
}
@Manual{R-rmarkdown,
  title = {rmarkdown: Dynamic Documents for R},
  author = {JJ Allaire and Joe Cheng and Yihui Xie and Jonathan McPherson and Winston Chang and Jeff Allen and Hadley Wickham and Aron Atkins and Rob Hyndman},
  year = {2016},
  note = {R package version 0.9.5.5},
  url = {http://rmarkdown.rstudio.com},
}
