@Manual{R-base,
  title = {R: A Language and Environment for Statistical Computing},
  author = {{R Core Team}},
  organization = {R Foundation for Statistical Computing},
  address = {Vienna, Austria},
  year = {2015},
  url = {https://www.R-project.org/},
}
@Manual{R-bookdown,
  title = {bookdown: Authoring Books with R Markdown},
  author = {Yihui Xie},
  note = {R package version 0.0.60},
  url = {https://github.com/rstudio/bookdown},
  year = {2016},
}
@Manual{R-captioner,
  title = {captioner: Numbers Figures and Creates Simple Captions},
  author = {Alathea Letaw},
  year = {2015},
  note = {R package version 2.2.3.9000},
  url = {https://github.com/adletaw/captioner},
}
@Manual{R-car,
  title = {car: Companion to Applied Regression},
  author = {John Fox and Sanford Weisberg},
  year = {2015},
  note = {R package version 2.1-1},
  url = {http://CRAN.R-project.org/package=car},
}
@Manual{R-caret,
  title = {caret: Classification and Regression Training},
  author = {Max Kuhn. Contributions from Jed Wing and Steve Weston and Andre Williams and Chris Keefer and Allan Engelhardt and Tony Cooper and Zachary Mayer and Brenton Kenkel and the R Core Team and Michael Benesty and Reynald Lescarbeau and Andrew Ziem and Luca Scrucca and Yuan Tang and Can Candan.},
  year = {2016},
  note = {R package version 6.0-64},
  url = {http://CRAN.R-project.org/package=caret},
}
@Manual{R-corrplot,
  title = {corrplot: Visualization of a correlation matrix},
  author = {Taiyun Wei},
  year = {2013},
  note = {R package version 0.73},
  url = {http://CRAN.R-project.org/package=corrplot},
}
@Manual{R-DT,
  title = {DT: A Wrapper of the JavaScript Library 'DataTables'},
  author = {Yihui Xie},
  year = {2015},
  note = {R package version 0.1},
  url = {http://CRAN.R-project.org/package=DT},
}
@Manual{R-e1071,
  title = {e1071: Misc Functions of the Department of Statistics, Probability
Theory Group (Formerly: E1071), TU Wien},
  author = {David Meyer and Evgenia Dimitriadou and Kurt Hornik and Andreas Weingessel and Friedrich Leisch},
  year = {2015},
  note = {R package version 1.6-7},
  url = {http://CRAN.R-project.org/package=e1071},
}
@Manual{R-ggplot2,
  title = {ggplot2: An Implementation of the Grammar of Graphics},
  author = {Hadley Wickham and Winston Chang},
  year = {2015},
  note = {R package version 2.0.0},
  url = {http://CRAN.R-project.org/package=ggplot2},
}
@Manual{R-gpairs,
  title = {gpairs: The Generalized Pairs Plot},
  author = {John W. Emerson and Walton A. Green},
  year = {2014},
  note = {R package version 1.2},
  url = {http://CRAN.R-project.org/package=gpairs},
}
@Manual{R-gridExtra,
  title = {gridExtra: Miscellaneous Functions for "Grid" Graphics},
  author = {Baptiste Auguie},
  year = {2015},
  note = {R package version 2.0.0},
  url = {http://CRAN.R-project.org/package=gridExtra},
}
@Manual{R-imputeMissings,
  title = {imputeMissings: Impute Missing Values in a Predictive Context},
  author = {Matthijs Meire and Michel Ballings and Dirk Van den Poel},
  year = {2015},
  note = {R package version 0.0.1},
  url = {http://CRAN.R-project.org/package=imputeMissings},
}
@Manual{R-knitr,
  title = {knitr: A General-Purpose Package for Dynamic Report Generation in R},
  author = {Yihui Xie},
  year = {2016},
  note = {R package version 1.12.3},
  url = {http://CRAN.R-project.org/package=knitr},
}
@Manual{R-lattice,
  title = {lattice: Trellis Graphics for R},
  author = {Deepayan Sarkar},
  year = {2015},
  note = {R package version 0.20-33},
  url = {http://CRAN.R-project.org/package=lattice},
}
@Manual{R-nnet,
  title = {nnet: Feed-Forward Neural Networks and Multinomial Log-Linear Models},
  author = {Brian Ripley},
  year = {2015},
  note = {R package version 7.3-11},
  url = {http://CRAN.R-project.org/package=nnet},
}
@Manual{R-plyr,
  title = {plyr: Tools for Splitting, Applying and Combining Data},
  author = {Hadley Wickham},
  year = {2015},
  note = {R package version 1.8.3},
  url = {http://CRAN.R-project.org/package=plyr},
}
@Manual{R-psych,
  title = {psych: Procedures for Psychological, Psychometric, and Personality
Research},
  author = {William Revelle},
  year = {2015},
  note = {R package version 1.5.8},
  url = {http://CRAN.R-project.org/package=psych},
}
@Manual{R-RANN,
  title = {RANN: Fast Nearest Neighbour Search (Wraps Arya and Mount's ANN
Library)},
  author = {Sunil Arya and David Mount and Samuel E. Kemp and Gregory Jefferis},
  year = {2015},
  note = {R package version 2.5},
  url = {http://CRAN.R-project.org/package=RANN},
}
@Manual{R-reshape2,
  title = {reshape2: Flexibly Reshape Data: A Reboot of the Reshape Package.},
  author = {Hadley Wickham},
  year = {2014},
  note = {R package version 1.4.1},
  url = {http://CRAN.R-project.org/package=reshape2},
}
@Manual{R-rmarkdown,
  title = {rmarkdown: Dynamic Documents for R},
  author = {JJ Allaire and Joe Cheng and Yihui Xie and Jonathan McPherson and Winston Chang and Jeff Allen and Hadley Wickham and Aron Atkins and Rob Hyndman},
  year = {2016},
  note = {R package version 0.9.5.5},
  url = {http://rmarkdown.rstudio.com},
}
