%% This BibTeX bibliography file was created using BibDesk.
%% http://bibdesk.sourceforge.net/


%% Created for Hui Lin at 2016-09-20 21:04:47 -0500 


%% Saved with string encoding Unicode (UTF-8) 



@webpage{ds16,
	Author = {Hui Lin},
	Date-Added = {2016-09-21 02:03:58 +0000},
	Date-Modified = {2016-09-21 02:04:45 +0000},
	Title = {Data Scientist Using R},
	Url = {http://scientistcafe.com/book/},
	Year = {2016}}

@book{apm13,
	Author = {Kuhn, Max, Johnson, Kjell},
	Date-Added = {2016-09-21 02:02:11 +0000},
	Date-Modified = {2016-09-21 02:02:32 +0000},
	Publisher = {Springer},
	Title = {Applied Predictive Modeling},
	Year = {2013}}

@book{rmra2015,
	Author = {Chapman, Christopher N., McDonnell Feit, Elea},
	Date-Added = {2016-09-21 02:00:06 +0000},
	Date-Modified = {2016-09-21 02:00:31 +0000},
	Publisher = {Springer},
	Title = {R for Marketing Research and Analytics},
	Year = {2015}}

@article{superlearner07,
	Author = {van der Laan, Mark J.; Polley, Eric C.; and Hubbard, Alan E},
	Date-Added = {2016-09-21 01:56:38 +0000},
	Date-Modified = {2016-09-21 01:57:44 +0000},
	Journal = {Berkeley Division of Biostatistics Working Paper Series},
	Number = {http://biostats.bepress.com/ucbbiostat/paper222},
	Title = {Super Learner},
	Volume = {Working Paper 222},
	Year = {2007}}

@electronic{merror14,
	Author = {Hui Lin, Alicia Carriquiry},
	Date-Added = {2016-09-21 01:22:01 +0000},
	Date-Modified = {2016-09-21 01:24:10 +0000},
	Title = {Measurement Error in A Bivariate Model -- Application in Nutrition Epidemiology},
	Url = {http://scientistcafe.com/works/AME_Draft_Hui_Mar20.pdf},
	Year = {2014},
	Bdsk-Url-1 = {http://scientistcafe.com/works/AME_Draft_Hui_Mar20.pdf}}

@webpage{matchtest14,
	Author = {Hui Lin, Chong Wang},
	Date-Added = {2016-09-21 01:17:03 +0000},
	Date-Modified = {2016-09-21 01:18:29 +0000},
	Month = {Nov},
	Title = {Exact and Asymptotic Statistical Tests for Proportion Difference in One-to-Two Matched Binary Data},
	Url = {http://scientistcafe.com/works/MatchedTestDraft.pdf},
	Year = {2014},
	Bdsk-Url-1 = {http://scientistcafe.com/works/MatchedTestDraft.pdf}}

@article{vet2012,
	Author = {Derald J. Holtkamp, Hui Lin, Chong Wang},
	Date-Added = {2016-09-20 23:12:44 +0000},
	Date-Modified = {2016-09-20 23:13:27 +0000},
	Journal = {Preventive Veterinary Medicine},
	Pages = {42-52},
	Title = {Identifying questions in the American Association of Swine Veterinarian's PRRS risk assessment survey that are important for retrospectively classifying swine herds according to whether they reported clinical PRRS outbreaks in the previous 3 years},
	Volume = {106},
	Year = {2012}}

@article{vet13,
	Author = {Allen, Kelli; Coetzee, Johann; Edwards-Callaway, Lily; Glynn, Hayley; Dockweiler, Jenna; KuKanich, Butch; Lin, Hui; Wang, Chong; Fraccaro, Elena; Jones, Meredyth; Bergamasco, Luciana},
	Date-Added = {2016-09-20 23:11:15 +0000},
	Date-Modified = {2016-09-20 23:12:10 +0000},
	Journal = {Journal of Dairy Science},
	Number = {DOI: 10.3168/jds.2012-6251},
	Title = {The effect of timing of oral meloxicam administration on physiological responses in calves after cautery dehorning with local anesthesia},
	Year = {2013}}

@article{jvm2013,
	Author = {Derald J. Holtkamp, Hui Lin, Chong Wang},
	Date-Added = {2016-09-20 23:10:14 +0000},
	Date-Modified = {2016-09-20 23:11:04 +0000},
	Journal = {Open Journal of Veterinary Medicine},
	Number = {DOI: 10.4236/ojvm.2013.32026},
	Title = {Development and Validation of an Objective Risk Scoring System for Assessing the Likelihood of Virus Introduction in Porcine Reproductive and Respiratory Syndrome Virus-Free Sow Farms in the US},
	Year = {2013}}

@article{jas2013,
	Author = {Hui Lin, Chong Wang, Peng Liu, Derald J. Holtkamp},
	Date-Added = {2016-09-20 23:08:47 +0000},
	Date-Modified = {2016-09-20 23:10:00 +0000},
	Journal = {Journal of Applied Statistics},
	Number = {DOI:10.1080/02664763.2012.752449},
	Title = {Construction of Disease Risk Scoring Systems using Logistic Group Lasso: Application to Porcine Reproductive and Respiratory Syndrome Survey Data},
	Year = {2013}}

@article{vet2015,
	Author = {Krysta Deitz, Kelly Makielski, Jackie M. Williams, Hui Lin, Jo Ann Morrison},
	Date-Added = {2016-09-20 23:07:58 +0000},
	Date-Modified = {2016-09-20 23:08:43 +0000},
	Journal = {Veterinary Clinical Pathology},
	Number = {DOI: 10.1111/vcp.12275},
	Title = {Effect of 6-8 weeks of oral ursodeoxycholic acid administration on serum concentrations of fasting and postprandial bile acids and biochemical analytes in healthy dogs},
	Year = {2015}}

@webpage{data50,
	Author = {David Donoho},
	Date-Added = {2016-03-07 01:24:45 +0000},
	Date-Modified = {2016-09-21 01:25:18 +0000},
	Title = {50 years of Data Science},
	Url = {http://courses.csail.mit.edu/18.337/2015/docs/50YearsDataScience.pdf},
	Year = {2015},
	Bdsk-Url-1 = {http://courses.csail.mit.edu/18.337/2015/docs/50YearsDataScience.pdf}}
